% Encoding: ISO-8859-1

@Article{lavinscott_cdfac3_2016,
  author   = {LavinScott, Etna Lina and González Polanco, Liset and Heredia Maso, Lazaro},
  title    = {Desarrollo de una aplicación informática para el proceso de gestión de las comisiones disciplinarias en la {Facultad} 3},
  year     = {2016},
  month    = apr,
  note     = {Accepted: 2016-09-14T19:32:02Z},
  abstract = {El presente trabajo de diploma tiene como propósito informatizar el proceso de comisiones
disciplinarias en la Facultad 3. Actualmente no se cuenta con un sistema que informatice dicho
proceso y se detectan afectaciones en la gestión de la información atendiendo a cuatro factores de
evaluación que son: Calidad de la información, Oportunidad de la información, Cantidad de
información y Relevancia de la información. Para su cumplimiento se realiza un estudio de los
sistemas utilizados en el mundo para estos fines. En el desarrollo de la solución propuesta, se
lleva a cabo un análisis comparativo de herramientas, lenguajes y metodologías de desarrollo,
de las cuales se seleccionan según las necesidades propias de la aplicación, de las tecnologías
disponibles y del conocimiento y experiencia del equipo de desarrollo. Se hace uso de buenas
prácticas de la programación mediante los beneficios de patrones y métricas que facilitan y
simplifican la implementación de la solución propuesta. Con el desarrollo de esta aplicación
informática se proveerá a la Facultad 3 de un sistema que gestiona de forma automatizada muchos
de los procesos de las comisiones disciplinarias contribuyendo a la gestión de la información.},
  file     = {Snapshot:/home/carlosepc/Zotero/storage/XSKZ39B7/9228.html:text/html},
  language = {es},
  ranking  = {rank5},
  url      = {https://repositorio.uci.cu/jspui/handle/ident/9228},
  urldate  = {2022-09-13},
}

@Article{azaharez_matos_cduci_2015,
  author   = {Azaharez Matos, Yiselly and Martínez García, Diana Rosa},
  title    = {Desarrollo de una aplicación informática para el proceso de gestión de las comisiones disciplinarias en la {Universidad} de las {Ciencias} {Informáticas}},
  year     = {2015},
  month    = jun,
  note     = {Accepted: 2017-06-29T12:55:01Z Publisher: Universidad de las Ciencias Informáticas. Facultad 3},
  abstract = {El presente trabajo de diploma tiene como propósito realizar una nueva versión del sistema ?Aplicación informática para el proceso de gestión de las comisiones disciplinarias en la Facultad 3? (SIPCD), para que pueda ser utilizado en las diferentes facultades y en la universidad. Actualmente dicho sistema presenta insuficiencias que dificultan la oportunidad de la información atendiendo a tres factores de evaluación: disponibilidad, tiempo e integridad, además que no contempla los procesos que se realizan fuera de la facultad como son: revisión, apelación y suspensión condicional de la medida. Se realiza un estudio de los sistemas utilizados en el mundo para estos fines. En el desarrollo de la solución propuesta, se lleva a cabo un análisis comparativo de herramientas, lenguajes y metodologías de desarrollo, las cuales se seleccionan según las necesidades propias de la aplicación, de las tecnologías disponibles y del conocimiento y experiencia del equipo de desarrollo. Se hace uso de buenas prácticas de la programación mediante los beneficios de patrones 
y métricas que facilitan y simplifican la implementación de la solución propuesta. Con el desarrollo de esta aplicación informática se proveerá a la Universidad de las Ciencias Informáticas (UCI) de un sistema para el proceso de las comisiones disciplinarias contribuyendo a la oportunidad de su información.},
  file     = {Snapshot:/home/carlosepc/Zotero/storage/RNHVG7PW/7504.html:text/html},
  keywords = {cdis},
  language = {spa},
  ranking  = {rank5},
  url      = {https://repositorio.uci.cu/jspui/handle/123456789/7504},
  urldate  = {2022-09-13},
}

@Article{acanda_del_cristo_cdis_2018,
  author     = {Acanda Del Cristo, Joangel},
  title      = {{CDis}: {Sistema} de gestión de comisiones disciplinarias de la {Facultad} 2 en su versión 2.0},
  year       = {2018},
  month      = jun,
  note       = {Accepted: 2022-04-06T14:18:42Z Publisher: Universidad de las Ciencias Informáticas . Facultad 2},
  abstract   = {La Universidad de las Ciencias Informáticas, controla las indisciplinas rigiéndose por la Resolución Ministerial No. 240 de 2007. Para lograr estos parámetros se auxilia de diferentes comisiones disciplinarias que hacen constar en cada expediente las normativas vigentes, disponiendo de un grupo de profesores y estudiantes integrados al trabajo disciplinario en sentido general. Actualmente la unidad docente cuenta con un sistema que gestiona la información asociada a los expedientes disciplinarios en la institución en su versión 1.0 pero el mismo no refleja todo el contenido recogido, y analizado por una comisión disciplinaria. 
Por consiguiente, la investigación se propone como tema: ?Sistema de gestión de comisiones disciplinarias para la Facultad 2 en su versión 2.0?, y tiene como objetivo: Desarrollar un sistema que permita gestionar la información asociada al proceso de las comisiones disciplinarias de la Facultad 2. 
Los resultados que se avalan en la tesis se materializan a partir del desarrollo de un sistema que posibilita gestionar, confeccionar y estandarizar las comisiones disciplinarias en la unidad docente de manera organizada y controlada, eliminando los errores subjetivos que se presentan con frecuencia. Se utilizan en la investigación los métodos teóricos, empíricos y matemático estadísticos que permitieron analizar el problema propuesto, así como las herramientas y artefactos que complementan la estructura y organización de la propuesta investigativa.},
  file       = {Snapshot:/home/carlosepc/Zotero/storage/BCL7DZA5/10103.html:text/html},
  keywords   = {cdis},
  language   = {spa},
  ranking    = {rank5},
  shorttitle = {{CDis}},
  url        = {https://repositorio.uci.cu/jspui/handle/123456789/10103},
  urldate    = {2022-09-13},
}

@Article{fernandez_castillo_codis_2012,
  author   = {Fernández Castillo, Rosalia and Naranjo García, Adrian and Nápoles Gámez, Fernando},
  title    = {{CODIS} {Sistema} para la informatización del proceso de comisión disciplinaria de la {Facultad} 3},
  year     = {2012},
  note     = {Accepted: 2016-09-14T19:25:56Z Publisher: Universidad de las Ciencias Informáticas},
  abstract = {Se realiza el análisis, diseño e implementación de un sistema que permita gestionar el proceso asociado a la Comisión Disciplinaria en la Facultad 3 de forma eficiente, garantizando que se encuentre disponible la información completa de cada uno de los casos, las operaciones de adicionar denuncia, adicionar caso a una comisión, adicionar miembro a comisión, entre otras se realizan de forma ágil, porque no se hace necesario introducir muchos datos, con solo un clic se obtiene la mayoría de la información.},
  file     = {Snapshot:/home/carlosepc/Zotero/storage/YQLWH3S4/TD_05348_12.html:text/html},
  keywords = {cdis},
  ranking  = {rank5},
  url      = {https://repositorio.uci.cu/jspui/handle/ident/TD_05348_12},
  urldate  = {2022-09-13},
}

@Book{Awad2005,
  title     = {A Comparison between Agile and Traditional Software Development Methodologie.},
  publisher = {Western Australia. : School of Computer Science and software Engineering, The University of Western Australia.},
  year      = {2005},
  author    = {Awad, M. A.},
  timestamp = {2019-11-13},
}

@Book{Shevts2019,
  title     = {Dive into Design Patterns.},
  publisher = {Internet},
  year      = {2019},
  author    = {Alexander Shevts},
  editor    = {Andrew Wetmore, Rhyan Solomon},
  timestamp = {2020-01-13},
  url       = {http://refactoring.guru},
}

@MastersThesis{REYES2016,
  author    = {BR. SINTYA MILENA MELÉNDEZ VALLADAREZ BR. MARIA ELIZABETH GAITAN BR. NELDIN NOEL PÉREZ REYES},
  title     = {METODOLOGIA ÁGIL DE DESARROLLO DE SOFTWARE PROGRAMACION EXTREMA.},
  school    = {UNIVERSIDAD NACIONAL AUTONOMA DE NICARAGUA, MANAGUA (UNAN-MANAGUA). RECINTO UNIVERSITARIO RUBÉN DARÍO (RURD). FACULTAD DE CIENCIAS E INGENIERÍA DEPARTAMENTO DE COMPUTACIÓN.},
  year      = {2016},
  timestamp = {2020-01-14},
}
@MastersThesis{VALLADAREZ2016,
  author    = {Br. Sintya Milena Meléndez Valladarez, Br. Maria Elizabeth Gaitan, Br. Neldin Noel Pérez Reyes},
  title     = {Metodologia Ágil De Desarrollo De Software Programacion Extrema.},
  school    = {Universidad Nacional Autonoma De Nicaragua, Managua (unan-managua). Recinto Universitario Rubén Darío (rurd). Facultad De Ciencias E Ingeniería Departamento De Computación.},
  year      = {2016},
  timestamp = {2020-01-14},
}

@Article{Joskowicz2008,
  author  = {Joskowicz, José},
  journal = {Universidad de Vigo},
  title   = {Reglas y prácticas en eXtreme Programming},
  year    = {2008},
  volume  = {22},
}

@Electronic{Npm,
  title     = {About Npm},
  url       = {https://docs.npmjs.com/about-npm/},
  timestamp = {2020-01-29},
  urldate   = {2020-01-29},
}

@Electronic{cvs,
  title     = {About Control Version System},
  url       = {https://git-scm.com/book/es/v2/Inicio---Sobre-el-Control-de-Versiones-Acerca-del-Control-de-Versiones},
  timestamp = {2020-01-21},
  urldate   = {2020-01-21},
}

@Electronic{git,
  title     = {GIT},
  url       = {https://git-scm.com},
  timestamp = {2020-01-21},
  urldate   = {2020-01-21},
}

@Electronic{vp,
  title     = {Visual Paradigm},
  url       = {https://www.ecured.cu/Visual_Paradigm},
  timestamp = {2020-01-27},
  urldate   = {2020-01-27},
}

@Electronic{VisualCode,
  title     = {Visual Studio Code},
  url       = {https://code.visualstudio.com/docs/supporting/faq},
  timestamp = {2020-02-03},
  urldate   = {2020-02-03},
}

@Electronic{Guru99,
  author    = {Guru99},
  title     = {Functional vs Non Functional Requirements},
  url       = {https://www.guru99.com/functional-vs-non-functional-requirements.html},
  timestamp = {2020-02-12},
  urldate   = {2020-02-12},
}

@Electronic{Firefox,
  title     = {Firefox},
  url       = {https://www.ecured.cu/Mozilla_Firefox},
  timestamp = {2020-02-26},
  urldate   = {2020-02-26},
}

@Electronic{Chrome,
  title     = {Google Chrome},
  url       = {https://www.ecured.cu/Google_Chrome},
  timestamp = {2020-02-26},
  urldate   = {2020-02-26},
}

@Electronic{XPACT,
  title     = {Acceptance Tests},
  url       = {http://www.extremeprogramming.org/rules/functionaltests.html},
  timestamp = {2020-02-12},
  urldate   = {2020-02-12},
}

@Article{Nidhra2012,
  author  = {Srinivas Nidhra; Jagruthi Dondeti},
  title   = {Black Box and White Box Testing Techiniques -- A Literature Review},
  journal = {International Journal of Embedded Systems and Applications (IJESA) Vol.2, No.2.},
  year    = {2012},
  month   = jun,
}

@Electronic{mozillaJS,
  organization = {Mozilla},
  title        = {JavaScript},
  url          = {https://developer.mozilla.org/es/d1ocs/Web/JavaScript},
  timestamp    = {2020-05-24},
  urldate      = {2020-05-24},
}

@Electronic{Adrian2019,
  author    = {Adrian},
  month     = jul,
  title     = {Agile Lite: ágil, sin todo el agotamiento},
  url       = {https://humanos.uci.cu/2019/07/03/agile-lite-sin-todo-el-agotamiento},
  year      = {2019},
  timestamp = {2019-07-03},
  urldate   = {2020-05-25},
}
@Electronic{AgileLiteHumanos,
  author    = {Adrian},
  month     = jul,
  year      = {2019},
  title     = {Agile Lite: ágil, sin todo el agotamiento},
  url       = {https://humanos.uci.cu/2019/07/03/agile-lite-sin-todo-el-agotamiento},
  timestamp = {2019-07-03},
  urldate   = {2020-05-25},
}
@Book{OxfordDictionaryCS,
  title     = {Dictionary of Computer Science},
  publisher = {Oxford},
  url       = {https://www.oxfordreference.com/view/10.1093/acref/9780199688975.001.0001/acref-9780199688975},
  urldate   = {2020-06-14},
}

@Comment{jabref-meta: databaseType:bibtex;}
